<record><leader>00000cas a2200000   4500</leader><controlfield tag="001">4922592</controlfield><controlfield tag="008">790503c19uu9999mdumr ne      0   a0eng d</controlfield><controlfield tag="009">467</controlfield><datafield ind1=" " ind2=" " tag="010"><subfield code="a">sn 79002673 </subfield></datafield><datafield ind1=" " ind2=" " tag="040"><subfield code="a">NSD</subfield><subfield code="b">eng</subfield><subfield code="c">NSD</subfield><subfield code="d">OCL</subfield><subfield code="d">OCLCQ</subfield></datafield><datafield ind1=" " ind2=" " tag="012"><subfield code="k">1</subfield><subfield code="m">c</subfield></datafield><datafield ind1="1" ind2=" " tag="022"><subfield code="a">0191-7005</subfield><subfield code="l">0191-7005</subfield><subfield code="2">1</subfield></datafield><datafield ind1=" " ind2=" " tag="032"><subfield code="a">109210</subfield><subfield code="b">USPS</subfield></datafield><datafield ind1=" " ind2=" " tag="042"><subfield code="a">nsdp</subfield></datafield><datafield ind1=" " ind2="4" tag="222"><subfield code="a">The Charles insider</subfield></datafield><datafield ind1="0" ind2="4" tag="245"><subfield code="a">The Charles insider.</subfield></datafield><datafield ind1=" " ind2=" " tag="260"><subfield code="a">[La Plata, Md.,</subfield><subfield code="b">Times-Crescent Co.]</subfield></datafield><datafield ind1=" " ind2=" " tag="936"><subfield code="a">Mar. 1979</subfield></datafield></record>